3134 5194
586 435 799 498 „3-

84 725 533 861 Additamcotum
593 725 668 905 ad
715 725 968 860 indicem
1028 726 1298 861 seminum

211 941 328 1035 lrorti
358 941 545 1035 botanici
577 970 673 1063 reg.
708 938 1000 1037 berolinensis
1034 940 1170 1039 1880.

532 1472 860 1570 Enumeratio

85 1627 294 1727 specierum,
314 1628 537 1723 varietatum,
556 1609 761 1720 formarum,
781 1652 871 1726 quae
887 1629 922 1704 in
941 1628 1116 1727 catalogis
1133 1628 1301 1704 seminum

130 1743 282 1820 omnium
307 1743 494 1821 horterum
520 1744 767 1822 botanicerum
792 1769 857 1844 per
882 1769 991 1821 annos
1017 1745 1260 1822 mec-187⁹
1376 1823 1379 1829 .

303 1857 503 1960 descriptae
531 1866 592 1937 aut
617 1859 770 1960 amplius
795 1866 971 1938 tractatae
996 1866 1087 1937 sunt

351 2051 471 2113 Auctore
501 2053 616 2133 lgn.
642 2051 855 2131 Urban,
889 2050 962 2111 Phil.
984 2051 1033 2111 Dr.

167 2369 291 2446 Catalogi
319 2373 455 2432 seminum
482 2387 533 2443 pro
558 2374 656 2430 mutua
681 2371 896 2432 commutatione
922 2371 1078 2432 oblatorum
1109 2370 1157 2444 qui
1186 2369 1302 2443 saepius

85 2450 200 2510 notulas
222 2452 368 2513 botanioas
394 2453 423 2510 in
447 2452 652 2524 appendicibus
674 2471 699 2509 r.
722 2453 872 2510 subtexta
900 2451 929 2510 in
951 2452 1193 2512 obseruationibus
1216 2451 1303 2511 conti·

83 2535 163 2606 nent,
181 2531 240 2605 jam
264 2535 311 2592 diu
331 2535 361 2593 in
382 2532 554 2593 bibliotheca
575 2532 657 2590 Horti
671 2532 861 2591 Berolinensis
884 2529 991 2592 collecti
1012 2536 1040 2592 et
1061 2531 1201 2591 asservati
1222 2533 1301 2602 sunt;

84 2614 190 2687 quibus
212 2614 254 2672 uti
275 2615 341 2688 quia
367 2615 403 2674 eb
423 2612 526 2671 indicis
548 2611 685 2670 defectum
708 2612 901 2671 difficillimum
923 2617 997 2687 erat,
1024 2629 1119 2673 omnes
1146 2613 1256 2685 species
1278 2613 1305 2670 et

84 2693 235 2753 uarietates
263 2697 316 2756 hoc
341 2695 401 2754 loco
422 2711 510 2753 novas
533 2693 690 2766 descriptas
713 2695 763 2751 aut
784 2693 905 2767 amplius
928 2696 1064 2758 tractatas
1086 2693 1213 2767 excerpsi
1241 2692 1304 2768 (no-

83 2776 160 2834 mine
192 2776 317 2851 tanturn)
348 2777 376 2835 et
406 2775 557 2849 praecipue
588 2775 624 2833 ad
657 2791 738 2833 usum
771 2775 798 2832 in
832 2775 921 2836 hortis
953 2775 1092 2836 botanicis
1124 2773 1305 2850 systematico

83 2873 239 2929 composui.

165 2936 403 2996 Praemenendum
417 2935 475 2994 est:
501 2936 529 3007 1)
551 2935 673 3008 catalogi
684 2952 794 3008 semper
805 2935 862 2994 iere
877 2936 976 3010 primis
991 2935 1137 2994 mensibus
1152 2933 1212 3008 ejus
1228 2933 1305 3008 anni,

84 3017 135 3092 qui
157 3034 261 3076 annum
279 3016 422 3091 catalogos
443 3017 631 3089 antepositum
652 3019 681 3075 et
702 3033 776 3076 ame
791 3018 906 3076 citatum
923 3017 1058 3091 sequitur,
1080 3015 1158 3089 editi,
1187 3017 1217 3091 2)
1239 3033 1306 3089 spe·

35 3111 39 3117 ’
85 3100 145 3158 cies
167 3115 239 3172 quae
254 3097 364 3158 nomino
384 3099 492 3156 tantum
513 3097 543 3156 in
566 3097 708 3156 indicibus
724 3098 860 3156 seminum
876 3099 1132 3170 commemorantur,
1152 3098 1305 3170 neglectae,

84 3182 119 3255 3)
142 3177 351 3239 observationes
373 3178 486 3237 criticae
508 3179 542 3237 de
562 3179 729 3238 limitatione
743 3180 909 3254 specierum,
929 3180 1022 3254 patria
1036 3180 1087 3238 etc.
1102 3177 1206 3237 vitatae
1221 3180 1304 3248 sunt3

85 3265 119 3332 4)
143 3260 325 3334 paginatione
347 3259 468 3333 catalogi
488 3259 517 3316 in
539 3260 722 3333 appendicem
744 3263 796 3319 etc.
818 3263 951 3320 continua
977 3261 1112 3334 paginam
1138 3261 1246 3318 tanum
1268 3259 1308 3318 ci·

84 3341 156 3416 tari,
178 3343 317 3400 caeterum
340 3339 443 3416 ,app.“
472 3340 572 3414 ,adr.“
596 3343 646 3401 etc.
669 3339 767 3414 adjeci.

168 3423 246 3492 Quae
261 3421 430 3480 enumeratio
452 3437 487 3478 an
509 3420 632 3492 perlecta
653 3425 737 3494 atque
759 3421 896 3494 completa
917 3420 965 3495 sit,
980 3438 1065 3494 quum
1080 3421 1175 3493 plures
1190 3420 1263 3480 horti
1278 3421 1307 3478 in

85 3502 218 3577 pluribus
233 3502 316 3560 annis
332 3501 476 3575 catalogos
490 3517 546 3560 non
560 3501 707 3574 ediderint,
723 3520 778 3561 non
794 3502 945 3562 eruendum
959 3503 1018 3572 est;
1041 3501 1090 3560 sed
1105 3518 1218 3574 operam
1234 3501 1308 3572 dedi,
1347 3511 1349 3515 '

87 3586 120 3643 ut
139 3583 327 3644 collectionem
350 3583 541 3656 catalogorum
561 3584 696 3654 nostram,
719 3584 811 3656 quoad
826 3600 962 3656 mancam,
984 3599 1067 3656 quam
1082 3581 1219 3655 possibile
1235 3598 1307 3640 com-

86 3665 201 3740 plerem,
222 3665 251 3724 et
269 3663 391 3737 gratiam
411 3663 561 3724 maximam
588 3664 678 3724 habeo
699 3663 739 3722 ill.
761 3668 789 3724 et
809 3665 844 3724 cl.
864 3681 931 3723 uon
953 3663 1149 3723 Haldreich
1170 3663 1306 3737 (Athen),

86 3744 686 3821 neuram-Saintcrieq(Bittigoi),
707 3746 851 3804 Russow
867 3744 1019 3820 (perpet),
1040 3746 1155 3804 Drude
1170 3743 1306 3818 (Drusi),

86 3829 195 3887 Reoss
228 3825 398 3902 (lirlang.),
429 3826 575 3886 Beccari
606 3825 777 3904 (Floreat),
809 3825 933 3885 Miller
964 3827 1109 3903 (Genea),
1141 3823 1307 3885 Troschel

88 3907 262 3985 (Gotting.),
293 3907 441 3981 Leitgab
463 3905 605 3983 (Graec),
637 3907 771 3968 Mintur
796 3908 945 3982 (trypho,
977 3908 1092 3966 Kraus
1113 3907 1215 3986 (Hal),
1246 3905 1306 3964 Di·

88 3989 253 4048 drichsen
269 3987 399 4064 (Harum),
419 3987 580 4062 Dutailly
595 3989 707 4064 (hyon),
723 3989 872 4065 Wigand
897 3989 1077 4064 (limburg),
1098 4006 1160 4048 ron
1182 3986 1307 4061 Nageli

88 4069 234 4148 (Monac),
248 4067 644 4142 Goroshankinfflosqup,
656 4071 695 4129 da
707 4070 823 4130 casati
836 4068 990 4146 (Neapol.),
1001 4067 1306 4144 Todaro(Panorm.),
1397 4094 1401 4106 ·

89 4149 277 4210 Passerini
299 4150 428 4225 (Pam),
450 4149 623 4210 Saceardo
645 4151 780 4226 (Pana),
803 4168 865 4210 uon
885 4151 991 4224 Regel
1011 4149 1186 4225 (Petropol.),
1208 4148 1307 4206 Will-

89 4233 198 4292 komm
235 4231 351 4307 Prag.),
385 4229 541 4306 Caspary
573 4230 771 4305 (Regimont.),
803 4231 994 4306 arcangeli
1026 4232 1183 4308 (Tauria),
1218 4229 1307 4289 Heer

89 4313 220 4390 (furia),
236 4311 344 4384 (Fries
360 4313 496 4389 (epea),
510 4331 575 4374 von
590 4313 727 4372 Kerncr
742 4312 934 4389 (vindobon),
951 4315 1105 4388 Gbpport
1119 4311 1307 4386 (Vratislav.),

89 4412 156 4456 ron
171 4393 280 4453 Sachs
297 4390 508 4472 (wirceburg),
530 4395 579 4468 qui
600 4393 898 4454 communicationibus
919 4411 962 4454 me
984 4395 1160 4470 adjuvarunt.

1068 4698 1106 4754 ,a
